@misc{wiki,
   author = "Wikipedia",
   title = "{Error function} --- {W}ikipedia{,} The Free Encyclopedia",
   year = "2018",
   howpublished = {\url{http://en.wikipedia.org/w/index.php?title=Error\%20function&oldid=827913692}},
   note = "[Online; accessed 14-March-2018]"
 }
