@misc{wiki,
	author = "Wikipedia",
	title = "{Bessel function} --- {W}ikipedia{,} The Free Encyclopedia",
	year = "2018",
	howpublished = {\url{http://en.wikipedia.org/w/index.php?title=Bessel\%20function&oldid=829598912}},
	note = "[Online; accessed 14-March-2018]"
}
